@book{RN02,
  author = {梁思成}, 
  title = {工程做法则例图解},
  publisher = {清华大学出版社},
  year = 2006,
}


@book{RN03,
  author = {汤崇平}, 
  title = {中国传统建筑木作知识入门 木装修、榫卯、木材},
  publisher = {化学工业出版社},
  year = 2018,
}

@book{RN04,
  author = {马炳坚}, 
  title = {中国古建筑木作营造技术},
  publisher = {科学出版社},
  year = 1991,
}

@book{RN05,
  author = {王其钧}, 
  title = {中国建筑图解字典},
  publisher = {机械工业出版社},
  year = 2007,
}

@book{RN06,
  author = {田永复}, 
  title = {中国园林建筑施工技术(第三版)},
  publisher = {中国建筑工业出版社},
  year = 2012,
}
@book{RN07,
  author = {筑龙网组}, 
  title = {园林景观设计详图CAD图集(亭专辑)},
  publisher = {中国电力出版社},
  year = 2007,
  address = {北京},
}

@article{李政宁:246,
author = {李政宁},
author = { 郭小农},
author = { 欧阳辉},
author = { 曾强},
title = {基于Grasshopper平台的铝合金板式节点网壳深化设计系统及其关键算法},
publisher = {建筑结构学报},
year = {2023},
journal = {建筑结构学报},
volume = {44},
number = {08},
eid = {246},
pages = {246-254},
keywords = {铝合金网壳|板式节点|关键算法|Grasshopper|深化设计},
url = {http://www.jzjgxb.com/CN/10.14006/j.jzjgxb.2022.0018},
doi = {10.14006/j.jzjgxb.2022.0018},
}

@article{liu2018component,
  title={Component-driven pocedural modeling for ancient Chinese architecture of the Qing Dynasty},
  author={Liu, Jin},
  journal={International Journal of Architectural Heritage},
  volume={12},
  number={2},
  pages={280--307},
  year={2018},
  publisher={Taylor \& Francis}
}

@article{huang2013ting,
  title={Ting tools: interactive and procedural modeling of Chinese ting},
  author={Huang, Chun-Yen and Tai, Wen-Kai},
  journal={The Visual Computer},
  volume={29},
  pages={1303--1318},
  year={2013},
  publisher={Springer}
}
@article{Li,
  title={面向真实构建的徽州建筑快速建模方法},
  author={李尚林 and 李琳 and 曹明伟 and 刘晓平},
  journal={软件学报},
  volume={27},
  number={10},
  pages={2542--2556},
  year={2016}
}

@article{xuefeng,
  title={一种徽派建筑快速建模方法},
  author={薛峰 and 张键 and 陆华锋 and 李文杰},
  journal={计算机辅助设计与图形学学报},
  number={11},
  pages={1595--1600},
  year={2009}
}