@book{Teachers,
  author = {建筑系全体教师}, 
  title = {Zafu本科毕业设计说明/论文LaTex模板},
  publisher = {Zafu不出版社},
  year = 2024,
}

@book{MYH,
  author = {买一盒}, 
  title = {Zafu本科毕业设计说明/论文LaTex模板},
  publisher = {Zafu不出版社},
  year = 2024,
}


@book{SS,
  author = {松手}, 
  title = {Zafu本科毕业设计说明/论文LaTex模板},
  publisher = {Zafu不出版社},
  year = 2024,
}

@book{Students,
  author = {模板使用人}, 
  title = {Zafu本科毕业设计说明/论文LaTex模板},
  publisher = {Zafu不出版社},
  year = 2024,
}